@book{dedekind2007essays,
  title     = {Essays on the Theory of Numbers},
  author    = {Dedekind, Richard},
  translator= {Beman, Wooster Woodruff},
  year      = {2007},
  publisher = {Project Gutenberg},
  url       = {https://www.gutenberg.org/files/21016/21016-pdf.pdf},
  note      = {Acesso em: [data de acesso]}
}
@phdthesis{marins1996localizacao,
  title     = {Localização de Zeros Reais de Polinômios Intervalares},
  author    = {Marins, Jussara Maria},
  year      = {1996},
  school    = {Universidade Federal do Rio Grande do Sul},
  address   = {Porto Alegre},
  note      = {Orientador: Prof. Dalcidio Moraes Claudio}
}
@book{lobao_introducao,
  title     = {Introdução aos Métodos Numéricos},
  author    = {Lobão, Diomar Cesar},
  year      = {[s.d.]},
  publisher = {Universidade Federal Fluminense},
  address   = {Volta Redonda, RJ},
  url       = {http://www.professores.uff.br/diomar_cesar_lobao},
  note      = {Trabalho original preparado por: Prof. Ionildo José Sanches e Prof. Diógenes Lago Furlan. Acesso em: [data de acesso]}
}
@book{anton2014calculo,
  title     = {Cálculo},
  author    = {Anton, H. and Bivens, I. and Davis, S.},
  year      = {2014},
  edition   = {10},
  publisher = {Bookman},
  address   = {Porto Alegre}
}
@book{asano2009calculo,
  title     = {Cálculo Numérico: Fundamentos e Aplicações},
  author    = {Asano, C. H. and Colli, E.},
  year      = {2009},
  publisher = {Departamento de Matemática Aplicada, IME-USP}
}
@book{bartle1983elementos,
  title     = {Elementos de Análise Real},
  author    = {Bartle, R. G.},
  year      = {1983},
  publisher = {Editora Campus LTDA},
  address   = {Rio de Janeiro}
}
@book{bartle2010introduction,
  title     = {Introduction to Real Analysis},
  author    = {Bartle, R. G. and Sherbert, D. R.},
  year      = {2010},
  edition   = {4},
  publisher = {John Wiley \& Sons}
}
@book{bussab1987estatistica,
  title     = {Estatística Básica},
  author    = {Bussab, W. O. and Morretin, P. A.},
  year      = {1987},
  edition   = {4},
  publisher = {Atual Editora}
}
@book{degroot2011probability,
  title     = {Probability and Statistics},
  author    = {DeGroot, M. H. and Schervish, M. J.},
  year      = {2011},
  edition   = {4},
  publisher = {Pearson}
}
@book{dequadros2009fundamentos,
  title     = {Fundamentos de Cálculo Numérico para Engenheiros},
  author    = {De Quadros, R. and De Bortoli, A. L.},
  year      = {2009},
  address   = {Porto Alegre},
  publisher = {Universidade Federal de Pelotas}
}
@book{johnson1994continuous,
  title     = {Continuous Univariate Distributions},
  author    = {Johnson, N. L. and Kotz, S. and Balakrishnan, N.},
  year      = {1994},
  volume    = {1},
  edition   = {4},
  publisher = {University of North Carolina}
}
@book{kudriavtsev1984curso,
  title     = {Curso de Análisis Matemático},
  author    = {Kudriávtsev, L. D.},
  year      = {1984},
  volume    = {1},
  publisher = {Editora MIR}
}
@book{moreira2011curso,
  title     = {Curso de Análise Real},
  author    = {Moreira, C. N. and Cabral, M. A. P.},
  year      = {2011},
  publisher = {Departamento de Matemática Aplicada, IM-UFRJ}
}
@book{rudin1976principles,
  title     = {Principles of Mathematical Analysis},
  author    = {Rudin, W.},
  year      = {1976},
  edition   = {3},
  publisher = {McGraw-HILL International Book Company}
}
@book{ruggiero1996calculo,
  title     = {Cálculo Numérico: Aspectos teóricos e computacionais},
  author    = {Ruggiero, M. A. G. and Lopes, V. L. da R.},
  year      = {1996},
  edition   = {2},
  publisher = {Pearson},
  address   = {São Paulo}
}